<?xml version='1.0' encoding='UTF-8'?>
<record xmlns="http://www.loc.gov/MARC21/slim">
  <leader>01228cam a2200253 a 4500</leader>
  <controlfield tag="001">417529</controlfield>
  <controlfield tag="003">NjP</controlfield>
  <controlfield tag="005">20171012082015.0</controlfield>
  <controlfield tag="008">871221s1937    ua            000|0 ara d</controlfield>
  <datafield tag="024" ind1="7" ind2=" ">
    <subfield code="a">princeton_aco003129</subfield>
    <subfield code="2">local</subfield>
  </datafield>
  <datafield ind1=" " ind2=" " tag="035">
    <subfield code="a">(OCoLC)25342556</subfield>
  </datafield>
  <datafield ind1=" " ind2=" " tag="035">
    <subfield code="a">(CStRLIN)NJPG87-B63329</subfield>
  </datafield>
  <datafield ind1=" " ind2=" " tag="035">
    <subfield code="9">ABZ3071TS</subfield>
  </datafield>
  <datafield ind1=" " ind2=" " tag="040">
    <subfield code="a">NjP</subfield>
    <subfield code="c">NjP</subfield>
  </datafield>
  <datafield ind1="1" ind2=" " tag="100">
    <subfield code="a">Sakhāwī, ʻAlī ibn Muḥammad,</subfield>
    <subfield code="d">1163?-1245.</subfield>
    <subfield code="0">http://id.loc.gov/authorities/names/n86101814</subfield>
  </datafield>
  <datafield ind1="1" ind2="0" tag="245">
    <subfield code="a">Tuḥfat al-aḥbāb wa-bughyat al-ṭullāb fī al-khiṭaṭ wa-al-mazārāt, wa-al-tarājim wa-al-biqāʻ al-mubārakāt /</subfield>
    <subfield code="c">lil-ʻAllāmah Abī al-Ḥasan Nūr al-Dīn ʻAlī ibn Aḥmad ibn ʻUmar ibn Khalaf ibn Maḥmūd al-Sakhāwī al-Ḥanafī ; qāma bi-taṣḥīḥihi wa-murājaʻatihi wa-al-taʻlīq ʻalayhi Maḥmūd Rabīʻ, wa-Ḥasan Qāsim.</subfield>
  </datafield>
  <datafield ind1=" " ind2=" " tag="250">
    <subfield code="a">al-Ṭabʻah 1.</subfield>
  </datafield>
  <datafield ind1=" " ind2=" " tag="260">
    <subfield code="a">al-Qāhirah :</subfield>
    <subfield code="b">al-ʻUlūm wa-al-Ādāb,</subfield>
    <subfield code="c">1937.</subfield>
  </datafield>
  <datafield ind1=" " ind2=" " tag="300">
    <subfield code="a">407 p. ;</subfield>
    <subfield code="c">24 cm.</subfield>
  </datafield>
  <datafield ind1=" " ind2="0" tag="650">
    <subfield code="a">Muslim saints</subfield>
    <subfield code="x">Tombs.</subfield>
  </datafield>
  <datafield ind1="1" ind2=" " tag="700">
    <subfield code="a">Rabīʻ, Maḥmūd.</subfield>
  </datafield>
  <datafield ind1="1" ind2=" " tag="700">
    <subfield code="a">Qāsim, Ḥasan.</subfield>
  </datafield>
  <datafield ind1=" " ind2=" " tag="998">
    <subfield code="a">01/27/92</subfield>
    <subfield code="s">9118</subfield>
    <subfield code="n">NjP</subfield>
    <subfield code="w">NJPG87B63329</subfield>
    <subfield code="d">12/21/87</subfield>
    <subfield code="c">JEB</subfield>
    <subfield code="b">JEB</subfield>
    <subfield code="i">920127</subfield>
    <subfield code="l">NJPG</subfield>
  </datafield>
  <datafield ind1=" " ind2=" " tag="911">
    <subfield code="a">19921028</subfield>
  </datafield>
  <datafield ind1=" " ind2=" " tag="912">
    <subfield code="a">19920127000000.0</subfield>
  </datafield>
  <datafield ind1="0" ind2="0" tag="852">
    <subfield code="0">454714</subfield>
    <subfield code="b">rcppa</subfield>
    <subfield code="t">1</subfield>
    <subfield code="h">BP189.33</subfield>
    <subfield code="i">.S24 1937</subfield>
    <subfield code="x">tr fr nec</subfield>
  </datafield>
  <datafield ind1=" " ind2=" " tag="959">
    <subfield code="a">2000-06-13 00:00:00 -0400</subfield>
  </datafield>
</record>
